@misc{inode,
    title={CVE-2003-1418 Detail},
    url="https://nvd.nist.gov/vuln/detail/CVE-2003-1418"
}