@manual{nmap,
 title      = "nmap(1) - Linux man page",
 year       = "2023",
 month      = "Maggio",
}

@manual{arping,
 title      = "arping(8) - Linux man page",
 year       = "2023",
 month      = "Maggio",
}

@misc{nmap-manual,
    title = "Nmap Manual",
    url = "https://nmap.org/book/osdetect-usage.html",
}

@misc{cpe,
    title = "CPE dictionary - NIST",
    url = "https://nvd.nist.gov/products/cpe",
}

@misc{rfc1340,
    series =    {Request for Comments},
    number =    1340,
    howpublished =  {RFC 1340},
    publisher = {RFC Editor},
    doi =       {10.17487/RFC1340},
    url =       {https://www.rfc-editor.org/info/rfc1340},
        author =    {},
    title =     {{Assigned Numbers}},
    pagetotal = 139,
    year =      1992,
    month =     jul,
    abstract =  {This Network Working Group Request for Comments documents the currently assigned values from several series of numbers used in network protocol implementations. This memo is a status report on the parameters (i.e., numbers and keywords) used in protocols in the Internet community.},
}

@book{unicornscan,
    title= {Unicornscan Documentation Getting Started}, 
    url={http://www.security-science.com/pdf/unicornscan-documentation-getting-started.pdf},
    date={Dec 3, 2007}
}

â€Œ